@ARTICLE{durret:pnas12,
AUTHOR = "Richard Durret and James P. Gleeson and Alun L. Lloyd",
TITLE = {Graph fission in an evolving voter model},
JOURNAL = {Proceedings of the National Academy of Science},
YEAR = 2012 }
@ARTICLE{vazquez:prl08,
AUTHOR = "Federico Vazquez and V\'{i}ctor M.\ Egu\'{i}luz and Maxi San Miguel",
TITLE = "Generic Absorbing Transition in Coevolution Dynamics",
JOURNAL = "Physical Review Letters",
YEAR = 2008 }